
@online{react,
  title = {React - biblioteka użyta w części frontendowej aplikacji},
  url   = {https://react.dev/}
}

@online{postgresql,
  title = {PostgreSQL - system bazodanowy użyty w projekcie},
  url   = {https://www.postgresql.org.pl/}
}

@online{keycloak,
  title = {Keycloak - system zarządzania tożsamością},
  url   = {https://www.keycloak.org/}
}

@online{expressjs,
  title = {Express.js - framework sieciowy użyty w części backendowej},
  url   = {https://expressjs.com/}
}

@online{keycloak-js,
  title = {keycloak-js - paczka użyta w części frontendowej i backendowej ułatwiająca korzystanie z keycloak},
  url   = {https://www.npmjs.com/package/keycloak-js}
}

@online{kubernetes,
  title = {Kubernetes - platforma służąca do orkiestracji aplikacji wielokontenerowych},
  url   = {https://kubernetes.io/pl/}
}

@online{minikube,
  title = {Minikube - lokalny klaster kubernetesa użyty w projekcie},
  url   = {https://minikube.sigs.k8s.io/docs/}
}

@online{docker,
  title = {Docker - narzędzie służące do konteneryzacji komponentów aplikacji},
  url   = {https://www.docker.com/}
}
